@book{livre,
 added-at = {2011-02-09T00:00:00.000+0100},
 author = {Talbi, El-Ghazali},
 biburl = {https://www.bibsonomy.org/bibtex/287f71631fdb8d3535e94f4447c8bef0a/dblp},
 interhash = {9046bbc326c4ca7d6f44b32df37eea0a},
 intrahash = {87f71631fdb8d3535e94f4447c8bef0a},
 isbn = {978-0-470-27858-1},
 keywords = {dblp},
 pages = {I-XXIX, 1-593},
 publisher = {Wiley},
 timestamp = {2011-04-29T15:26:01.000+0200},
 title = {Metaheuristics - From Design to Implementation.},
 year = {2009}
}

@article{def,
 doi = {10.1016/0305-0548(86)90048-1},
 url = {https://doi.org/10.1016/0305-0548(86)90048-1},
 year  = {1986},
 month = {jan},
 publisher = {Elsevier {BV}},
 volume = {13},
 number = {5},
 pages = {533--549},
 author = {Fred Glover},
 title = {Future paths for integer programming and links to artificial intelligence},
 journal = {Computers {\&} Operations Research}
}


@article{EHO1,
  doi = {10.1007/s12046-017-0780-z},
  url = {https://doi.org/10.1007/s12046-017-0780-z},
  year  = {2018},
  month = {jan},
  publisher = {Springer Nature},
  volume = {43},
  number = {1},
  author = {Sudip Mandal},
  title = {Elephant swarm water search algorithm for global optimization},
  journal = {S{\={a}}dhan{\={a}}}
}


@inproceedings{EHO2,
  doi = {10.1109/iscbi.2015.8},
  url = {https://doi.org/10.1109/iscbi.2015.8},
  year  = {2015},
  month = {dec},
  publisher = {{IEEE}},
  author = {Gai-Ge Wang and Suash Deb and Leandro dos S. Coelho},
  title = {Elephant Herding Optimization},
  booktitle = {2015 3rd International Symposium on Computational and Business Intelligence ({ISCBI})}
}

@inproceedings{capteur,
  doi = {10.1145/2141622.2141689},
  url = {https://doi.org/10.1145/2141622.2141689},
  year  = {2011},
  publisher = {{ACM} Press},
  author = {Aaron Staranowicz and Gian Luca Mariottini},
  title = {A survey and comparison of commercial and open-source robotic simulator software},
  booktitle = {Proceedings of the 4th International Conference on {PErvasive} Technologies Related to Assistive Environments - {PETRA} 11}
}

@article{novel,
  doi = {10.1007/s10489-018-1390-0},
  url = {https://doi.org/10.1007/s10489-018-1390-0},
  year  = {2019},
  month = {jan},
  publisher = {Springer Nature},
  author = {Hongwei Tang and Wei Sun and Hongshan Yu and Anping Lin and Min Xue and Yuxue Song},
  title = {A novel hybrid algorithm based on {PSO} and {FOA} for target searching in unknown environments},
  journal = {Applied Intelligence}
}

@incollection{Drias,
  doi = {10.1007/11494669_39},
  url = {https://doi.org/10.1007/11494669_39},
  year  = {2005},
  publisher = {Springer Berlin Heidelberg},
  pages = {318--325},
  author = {Habiba Drias and Souhila Sadeg and Safa Yahi},
  title = {Cooperative Bees Swarm for Solving the Maximum Weighted Satisfiability Problem},
  booktitle = {Computational Intelligence and Bioinspired Systems}
}




@article{IAD2,
  doi = {10.1007/bf00155579},
  url = {https://doi.org/10.1007/bf00155579},
  year  = {1992},
  publisher = {Springer Nature},
  volume = {6},
  number = {1},
  pages = {35--66},
  author = {B. Chaib-Draa and B. Moulin and R. Mandiau and P. Millot},
  title = {Trends in distributed artificial intelligence},
  journal = {Artificial Intelligence Review}
}


@phdthesis{IAD1,
  TITLE = {{Model and Learning of Decision-Making in Productive Organisations : Multi-Agent Approach}},
  AUTHOR = {Kabachi, Nadia},
  URL = {https://tel.archives-ouvertes.fr/tel-00822831},
  NUMBER = {1999STET4008},
  SCHOOL = {{Ecole Nationale Sup{\'e}rieure des Mines de Saint-Etienne ; Universit{\'e} Jean Monnet - Saint-Etienne}},
  YEAR = {1999},
  MONTH = Jan,
  KEYWORDS = {Organisation productives ; Prise de d{\'e}cision ; Syst{\`e}mes Multi-Agents ; Apprentissage en lAD ; Raisonnement {\`a} partir de Cas},
  TYPE = {Theses},
  PDF = {https://tel.archives-ouvertes.fr/tel-00822831/file/1999_Kabachi_Nadia.pdf},
  HAL_ID = {tel-00822831},
  HAL_VERSION = {v1},
}

@article{SMA2,
  doi = {10.1080/22348972.2017.1348890},
  url = {https://doi.org/10.1080/22348972.2017.1348890},
  year  = {2017},
  month = {jan},
  publisher = {Informa {UK} Limited},
  volume = {7},
  number = {1},
  pages = {188--197},
  author = {Jing Xie and Chen-Ching Liu},
  title = {Multi-agent systems and their applications},
  journal = {Journal of International Council on Electrical Engineering}
}

@phdthesis{SMA3,
  TITLE = {{Contr{\^o}le d'un Syst{\`e}me Multi-Agents R{\'e}actif par Mod{\'e}lisation et Apprentissage de sa Dynamique Globale}},
  AUTHOR = {Fran{\c c}ois Klein},
  URL = {https://tel.archives-ouvertes.fr/tel-00432354},
  SCHOOL = {{Universit{\'e} Nancy II}},
  YEAR = {2009},
  MONTH = Dec,
  KEYWORDS = {Multi-agent system ; control ; global behaviour ; learning ; Markov decision process ; Syst{\`e}me multi-agents ; contr{\^o}le ; comportement global ; apprentissage ; processus de d{\'e}cision markovien},
  TYPE = {Theses},
  PDF = {https://tel.archives-ouvertes.fr/tel-00432354/file/these_FKlein.pdf},
  HAL_ID = {tel-00432354},
  HAL_VERSION = {v1},
}

@inproceedings{SMR1,
  doi = {10.1109/iciinfs.2012.6304778},
  url = {https://doi.org/10.1109/iciinfs.2012.6304778},
  year  = {2012},
  month = {aug},
  publisher = {{IEEE}},
  author = {Avinash Gautam and Sudeept Mohan},
  title = {A review of research in multi-robot systems},
  booktitle = {2012 {IEEE} 7th International Conference on Industrial and Information Systems ({ICIIS})}
}

@article{surv1,
  doi = {10.1016/j.robot.2015.08.010},
  url = {https://doi.org/10.1016/j.robot.2015.08.010},
  year  = {2016},
  month = {jan},
  publisher = {Elsevier {BV}},
  volume = {75},
  pages = {422--434},
  author = {Madhubhashi Senanayake and Ilankaikone Senthooran and Jan Carlo Barca and Hoam Chung and Joarder Kamruzzaman and Manzur Murshed},
  title = {Search and tracking algorithms for swarms of robots: A survey},
  journal = {Robotics and Autonomous Systems}
}


@article{surv2,
  TITLE = {{Multi-robot Target Detection and Tracking: Taxonomy and Survey}},
  AUTHOR = {Cyril Robin and Simon Lacroix},
  URL = {https://hal.archives-ouvertes.fr/hal-01183372},
  JOURNAL = {{Autonomous Robots}},
  HAL_LOCAL_REFERENCE = {Rapport LAAS n{\textdegree} 15271},
  PUBLISHER = {{Springer Verlag}},
  VOLUME = {40},
  NUMBER = {4},
  PAGES = {pp.729-760},
  YEAR = {2016},
  MONTH = Apr,
  KEYWORDS = {Target Tracking ; Target Detection ; Multi-robot ; Pursuit-Evasion ; Taxonomy},
  PDF = {https://hal.archives-ouvertes.fr/hal-01183372/file/Survey_Autonomous_Robots-authorFormat.pdf},
  HAL_ID = {hal-01183372},
  HAL_VERSION = {v1},
}

@article{SMA11,
  year  = {1988},
  month = {mars},
  author = {J. Ferber and M. Ghallab},
  title = {Problématique des univers multi-agents},
  journal = {Actes des Journées Nationales du PRCIA}
}

@article{SMA1,
  year  = {1994},
  month = {Novembre},
  author = {K. Khoualdi},
  title = {Filtrage d'alarmes pour un système automatisé par une approche multi-agents},
  journal = {Thèse de l'université de Paris 6, Laforia}
}


@incollection{BSO2013,
  doi = {10.1007/978-3-642-38577-3_32},
  url = {https://doi.org/10.1007/978-3-642-38577-3_32},
  year  = {2013},
  publisher = {Springer Berlin Heidelberg},
  pages = {312--321},
  author = {Hannaneh Najd Ataei and Koorush Ziarati and Mohammad Eghtesad},
  title = {A {BSO}-Based Algorithm for Multi-robot and Multi-target Search},
  booktitle = {Recent Trends in Applied Artificial Intelligence}
}

@book{ IAD-book,
 Author = {Alan H. Bond and L.Gasser},
 title = {Readings in Distributed Artificial Intelligence},
 description = {Readings in Distributed Artificial Intelligence (Book, 1988)},
 publisher = {Morgan Kaufmann Pub},
 interhash = {18f40974dd86014430cc249bf091a4dd},
 intrahash = {ec61927bda0880581782af72343bef7f},
 year = {1988},
 month = {aug},
 isbn = {093461363X},
 url = {https://www.xarg.org/ref/a/093461363X/}
}


@article{robotMeta,
  doi = {10.1016/j.compeleceng.2015.01.009},
  url = {https://doi.org/10.1016/j.compeleceng.2015.01.009},
  year  = {2015},
  month = {apr},
  publisher = {Elsevier {BV}},
  volume = {43},
  pages = {278--291},
  author = {Simon Fong and Suash Deb and Ankit Chaudhary},
  title = {A review of metaheuristics in robotics},
  journal = {Computers {\&} Electrical Engineering}
}
@article{Parker2002,
  doi = {10.1023/a:1015256330750},
  url = {https://doi.org/10.1023/a:1015256330750},
  year = {2002},
  title = {Distributed Algorithms for Multi-Robot Observation of Multiple Moving Targets},
  publisher = {Springer Nature},
  volume = {12},
  number = {3},
  pages = {231--255},
  author = {Lynne E. Parker},
  journal = {Autonomous Robots}}

@article{Wang2012,
  doi = {10.1109/tie.2011.2146211},
  url = {https://doi.org/10.1109/tie.2011.2146211},
  year = {2012},
  month = aug,
  publisher = {Institute of Electrical and Electronics Engineers ({IEEE})},
  volume = {59},
  number = {8},
  pages = {3232--3240},
  author = {Zongyao Wang and Dongbing Gu},
  title = {Cooperative Target Tracking Control of Multiple Robots},
  journal = {{IEEE} Transactions on Industrial Electronics}
  }

@article{Lee2010,
  doi = {10.1007/s11370-010-0059-2},
  url = {https://doi.org/10.1007/s11370-010-0059-2},
  year = {2010},
  month = feb,
  publisher = {Springer Nature},
  volume = {3},
  number = {2},
  pages = {61--72},
  author = {Geunho Lee and Nak Young Chong and Henrik Christensen},
  title = {Tracking multiple moving targets with swarms of mobile robots},
  journal = {Intelligent Service Robotics}
}
@article{Dadgar2016,
  doi = {10.1016/j.neucom.2015.11.007},
  url = {https://doi.org/10.1016/j.neucom.2015.11.007},
  year = {2016},
  month = feb,
  publisher = {Elsevier {BV}},
  volume = {177},
  pages = {62--74},
  author = {Masoud Dadgar and Shahram Jafari and Ali Hamzeh},
  title = {A {PSO}-based multi-robot cooperation method for target searching in unknown environments},
  journal = {Neurocomputing}
}
@inproceedings{Kolling2008,
  doi = {10.1109/robot.2008.4543566},
  url = {https://doi.org/10.1109/robot.2008.4543566},
  year = {2008},
  month = may,
  publisher = {{IEEE}},
  author = {Andreas Kolling and Stefano Carpin},
  title = {Multi-robot surveillance: An improved algorithm for the {GRAPH}-{CLEAR} problem},
  booktitle = {2008 {IEEE} International Conference on Robotics and Automation}
}
@article{Gerkey2006,
  doi = {10.1177/0278364906065023},
  url = {https://doi.org/10.1177/0278364906065023},
  year = {2006},
  month = apr,
  publisher = {{SAGE} Publications},
  volume = {25},
  number = {4},
  pages = {299--315},
  author = {Brian P. Gerkey and Sebastian Thrun and Geoff Gordon},
  title = {Visibility-based Pursuit-evasion with Limited Field of View},
  journal = {The International Journal of Robotics Research}
}
@article{GAthese,
author = {Tarek Chaari},
year = {2010},
month = {03},
pages = {},
title = {A genetic algorithm for robust scheduling : application of hybrid flow shop scheduling problem}
}
@misc{GAweb,
title={Genetic Algorithms Quick Guide},
url={https://www.tutorialspoint.com/genetic_algorithms/genetic_algorithms_quick_guide.htm},
journal={www.tutorialspoint.com}, author={Tutorialspoint.com}
} 
@inproceedings{GonzlezBanos2001,
  doi = {10.1145/378583.378674},
  url = {https://doi.org/10.1145/378583.378674},
  year = {2001},
  publisher = {{ACM} Press},
  author = {H{\'{e}}ctor Gonz{\'{a}}lez-Banos},
  title = {A randomized art-gallery algorithm for sensor placement},
  booktitle = {Proceedings of the seventeenth annual symposium on Computational geometry  - {SCG} {\textquotesingle}01}
}

@inproceedings{Kloder2007,
  doi = {10.1109/robot.2007.363818},
  url = {https://doi.org/10.1109/robot.2007.363818},
  year = {2007},
  month = apr,
  publisher = {{IEEE}},
  author = {Stephen Kloder and Seth Hutchinson},
  title = {Barrier Coverage for Variable Bounded-Range Line-of-Sight Guards},
  booktitle = {Proceedings 2007 {IEEE} International Conference on Robotics and Automation}
}
@article{Elmaliach2009,
  doi = {10.1007/s10472-010-9193-y},
  url = {https://doi.org/10.1007/s10472-010-9193-y},
  year = {2009},
  month = dec,
  publisher = {Springer Nature},
  volume = {57},
  number = {3-4},
  pages = {293--320},
  author = {Yehuda Elmaliach and Noa Agmon and Gal A. Kaminka},
  title = {Multi-robot area patrol under frequency constraints},
  journal = {Annals of Mathematics and Artificial Intelligence}
}
@incollection{Portugal2011,
  doi = {10.1007/978-3-642-19170-1_15},
  url = {https://doi.org/10.1007/978-3-642-19170-1_15},
  year = {2011},
  publisher = {Springer Berlin Heidelberg},
  pages = {139--146},
  author = {David Portugal and Rui Rocha},
  title = {A Survey on Multi-robot Patrolling Algorithms},
  booktitle = {Technological Innovation for Sustainability}
}
@inproceedings{Parker,
  doi = {10.1109/robot.1997.619270},
  url = {https://doi.org/10.1109/robot.1997.619270},
  publisher = {{IEEE}},
  author = {L.E. Parker and B.A. Emmons},
  title = {Cooperative multi-robot observation of multiple moving targets},
  booktitle = {Proceedings of International Conference on Robotics and Automation}
}
@article{Jung2002,
  doi = {10.1023/a:1020598107671},
  url = {https://doi.org/10.1023/a:1020598107671},
  year = {2002},
  publisher = {Springer Nature},
  volume = {13},
  number = {3},
  pages = {191--205},
  author = {Boyoon Jung and Gaurav S. Sukhatme},
  journal = {Autonomous Robots}
}
@article{Kolling2007,
  doi = {10.1177/0278364907080424},
  url = {https://doi.org/10.1177/0278364907080424},
  year = {2007},
  month = sep,
  publisher = {{SAGE} Publications},
  volume = {26},
  number = {9},
  pages = {935--953},
  author = {Andreas Kolling and Stefano Carpin},
  title = {Cooperative Observation of Multiple Moving Targets: an algorithm and its formalization},
  journal = {The International Journal of Robotics Research}
}
@article{Derenick2009,
  doi = {10.1007/s10846-008-9302-x},
  url = {https://doi.org/10.1007/s10846-008-9302-x},
  year = {2009},
  month = jan,
  publisher = {Springer Nature},
  volume = {56},
  number = {1-2},
  pages = {47--67},
  author = {Jason Derenick and John Spletzer and Ani Hsieh},
  title = {An Optimal Approach to Collaborative Target Tracking with Performance Guarantees},
  journal = {Journal of Intelligent and Robotic Systems}
}
@article{ZhijunTang2005,
  doi = {10.1109/tro.2005.847567},
  url = {https://doi.org/10.1109/tro.2005.847567},
  year = {2005},
  month = oct,
  publisher = {Institute of Electrical and Electronics Engineers ({IEEE})},
  volume = {21},
  number = {5},
  pages = {898--908},
  author = {Zhijun Tang and U. Ozguner},
  title = {Motion planning for multitarget surveillance with mobile sensor agents},
  journal = {{IEEE} Transactions on Robotics}
}
@article{Noori2013,
  doi = {10.1177/0278364913498291},
  url = {https://doi.org/10.1177/0278364913498291},
  year = {2013},
  month = sep,
  publisher = {{SAGE} Publications},
  volume = {33},
  number = {1},
  pages = {155--181},
  author = {Narges Noori and Volkan Isler},
  title = {Lion and man with visibility in monotone polygons},
  journal = {The International Journal of Robotics Research}
}
@inproceedings{Bandyopadhyay,
  doi = {10.1109/robot.2006.1642052},
  url = {https://doi.org/10.1109/robot.2006.1642052},
  publisher = {{IEEE}},
  author = {Tirthankar Bandyopadhyay and  Yuanping Li and M.H. Ang and  David Hsu},
  title = {A greedy strategy for tracking a locally predictable target among obstacles},
  booktitle = {Proceedings 2006 {IEEE} International Conference on Robotics and Automation,  2006. {ICRA} 2006.}
}
@inproceedings{MurrietaCid,
  doi = {10.1109/robot.2002.1014421},
  url = {https://doi.org/10.1109/robot.2002.1014421},
  publisher = {{IEEE}},
  author = {R. Murrieta-Cid and H.H. Gonzalez-Banos and B. Tovar},
  title = {A reactive motion planner to maintain visibility of unpredictable targets},
  booktitle = {Proceedings 2002 {IEEE} International Conference on Robotics and Automation (Cat. No.02CH37292)}
}
@inproceedings{LaValle,
  doi = {10.1109/robot.1997.620122},
  url = {https://doi.org/10.1109/robot.1997.620122},
  publisher = {{IEEE}},
  author = {S.M. LaValle and H.H. Gonzalez-Banos and C. Becker and J.-C. Latombe},
  title = {Motion strategies for maintaining visibility of a moving target},
  booktitle = {Proceedings of International Conference on Robotics and Automation}
}
@article{Eaton1962,
  doi = {10.1115/1.3657260},
  url = {https://doi.org/10.1115/1.3657260},
  year = {1962},
  publisher = {{ASME} International},
  volume = {84},
  number = {1},
  pages = {23},
  author = {J. H. Eaton and L. A. Zadeh},
  title = {Optimal Pursuit Strategies in Discrete-State Probabilistic Systems},
  journal = {Journal of Basic Engineering}
}
@article{Chung2011,
  doi = {10.1007/s10514-011-9241-4},
  url = {https://doi.org/10.1007/s10514-011-9241-4},
  year = {2011},
  month = jul,
  publisher = {Springer Nature},
  volume = {31},
  number = {4},
  pages = {299--316},
  author = {Timothy H. Chung and Geoffrey A. Hollinger and Volkan Isler},
  title = {Search and pursuit-evasion in mobile robotics},
  journal = {Autonomous Robots}
}


@article{FuzzyLogic,
      title = {Réglage par logique floue},
      author = {Hansruedi Bühler},
      publisher = {Presses polytechniques et universitaires romandes},
      address = {CH-1015 Lausanne},
      year = {1994},
      note = {204 pages, 16x24 cm},
      abstract = {Cet ouvrage se propose, d'une part, de donner les bases du  réglage par logique floue de manière consolidée et,  d'autre part, de présenter des résultats inédits de  travaux de recherche, en particulier en ce qui concerne  l'analyse de stabilité. Il s'insère dans la série  d'ouvrages du même auteur traitant des systèmes  automatiques; il est plus étroitement lié à Conception  de systèmes automatiques, auquel il fait référence à de  nombreuses reprises.},
      url = {http://infoscience.epfl.ch/record/50223},
}

@article{Cai2013,
  doi = {10.2316/journal.206.2013.4.206-3769},
  url = {https://doi.org/10.2316/journal.206.2013.4.206-3769},
  year  = {2013},
  publisher = {{ACTA} Press},
  volume = {28},
  number = {4},
  author = {Yifan Cai and Simon X. Yang},
  title = {A {POTENTIAL}-{PSO} {APPROACH} {TO} {COOPERATIVE} {TARGET} {SEARCHING} {OF} {MULTI}-{ROBOTS} {IN} {UNKNOWN} {ENVIRONMENTS}},
  journal = {International Journal of Robotics and Automation}
}

@article{Bug,
  doi = {10.1109/tac.1986.1104175},
  url = {https://doi.org/10.1109/tac.1986.1104175},
  year  = {1986},
  month = {nov},
  publisher = {Institute of Electrical and Electronics Engineers ({IEEE})},
  volume = {31},
  number = {11},
  pages = {1058--1063},
  author = {Vladimir Lumelsky and Alexander Stepanov},
  title = {Dynamic path planning for a mobile automaton with limited information on the environment},
  journal = {{IEEE} Transactions on Automatic Control}
}

[44]Bouraine,Sara, 2016.Contribution à la planification de mouvements en
environnements dynamiques pour des robots mobiles type voiture : Cas
ROBUCAR. Electronique. Blida: Université de Blida, pp.218.

@article{Sara,
  year  = {2016},
  journal = {Blida: Université de Blida},
  pages = {218},
  author = {Sara Bouraine},
  title = {Contribution à la planification de mouvements en
environnements dynamiques pour des robots mobiles type voiture : Cas
ROBUCAR}
}

@inproceedings{Khatib,
  doi = {10.1109/robot.1985.1087247},
  url = {https://doi.org/10.1109/robot.1985.1087247},
  publisher = {Institute of Electrical and Electronics Engineers},
  author = {Oussama Khatib},
  volume = {5},
  year = {1985},
  pages = {90-98},
  title = {Real-time obstacle avoidance for manipulators and mobile robots},
  booktitle = {Proceedings. 1985 {IEEE} International Conference on Robotics and Automation}
}


@article{window,
  doi = {10.1109/100.580977},
  url = {https://doi.org/10.1109/100.580977},
  year  = {1997},
  month = {mar},
  publisher = {Institute of Electrical and Electronics Engineers ({IEEE})},
  volume = {4},
  number = {1},
  pages = {23-33},
  author = {Dieter Fox and Wolfram Burgard and  Sebastian Thrun},
  title = {The dynamic window approach to collision avoidance},
  journal = {{IEEE} Robotics {\&} Automation Magazine}
}

@inproceedings{Miao2010,
  doi = {10.1109/ais.2010.5547036},
  url = {https://doi.org/10.1109/ais.2010.5547036},
  year  = {2010},
  month = {jun},
  publisher = {{IEEE}},
  author = {Yun-Qian Miao and Alaa Khamis and Mohamed S. Kamel},
  title = {Applying anti-flocking model in mobile surveillance systems},
  booktitle = {2010 International Conference on Autonomous and Intelligent Systems,  {AIS} 2010}
}

@article{line,
  doi = {10.1147/sj.41.0025},
  url = {https://doi.org/10.1147/sj.41.0025},
  year = {1965},
  publisher = {{IBM}},
  volume = {4},
  number = {1},
  pages = {25--30},
  author = {Jack Elton Bresenham},
  title = {Algorithm for computer control of a digital plotter},
  journal = {{IBM} Systems Journal}
}

@article{Anderson2008,
  doi = {10.1007/s10846-008-9242-5},
  url = {https://doi.org/10.1007/s10846-008-9242-5},
  year = {2008},
  month = jun,
  publisher = {Springer Science and Business Media {LLC}},
  volume = {53},
  number = {4},
  pages = {381--397},
  author = {Monica Anderson and Nikolaos Papanikolopoulos},
  title = {Implicit Cooperation Strategies for Multi-robot Search of Unknown Areas},
  journal = {Journal of Intelligent and Robotic Systems}
}

@misc{uses,
 title={5-Les domaines d'application de la robotique - La Robotique !}, 
 url={https://sites.google.com/site/technovhugogassinc36fg5/la-robotique-actuelle}, 
 journal={Google Sites},
 year = {2014}
 } 

@misc{sofia,
 title={Hanson Robotics – Une entreprise spécialisée dans les robots intelligents}, 
 url={http://www.artificiel.net/hanson-robotics}, 
 journal={Google Sites},
 year = {2017},
  month = {March 22,},
 } 


@misc{ImagePF,
 title={Localisation et navigation de robots}, 
 author = {Fabio Morbidi},
 journal={UFR des Sciences, Département EEA},
 year = {2014},
 url={https://home.mis.u-picardie.fr/~fabio/Eng/documenti/Teaching/LNR14-15/},
 }


@article{Seeley,
  doi = {10.1007/bf00175101},
  url = {https://doi.org/10.1007/bf00175101},
  year = {1991},
  month = apr,
  publisher = {Springer Nature},
  volume = {28},
  number = {4},
  author = {Thomas D. Seeley and Scott Camazine and James Sneyd},
  title = {Collective decision-making in honey bees: how colonies choose among nectar sources},
  journal = {Behavioral Ecology and Sociobiology}
}

@article{echantillonnage,
  doi = {10.1023/a:1008801421636},
  url = {https://doi.org/10.1023/a:1008801421636},
  year = {1998},
  title = {Rough Terrain Autonomous Mobility—Part 1: A Theoretical Analysis of Requirements},
  publisher = {Springer Nature},
  volume = {5},
  number = {2},
  pages = {129--161},
  author = {Alonzo Kelly and Anthony Stentz},
  journal = {Autonomous Robots}
}

@article{imageEch,
  author    = {Ibraheem Kasim Ibraheem and
               Fatin Hassan Ajeil},
  title     = {Multi-Objective Path Planning of an Autonomous Mobile Robot in Static
               and Dynamic Environments using a Hybrid {PSO-MFB} Optimisation Algorithm},
  journal   = {CoRR},
  volume    = {abs/1805.00224},
  year      = {2018},
  url       = {http://arxiv.org/abs/1805.00224},
  archivePrefix = {arXiv},
  eprint    = {1805.00224},
  timestamp = {Mon, 13 Aug 2018 16:46:51 +0200},
  biburl    = {https://dblp.org/rec/bib/journals/corr/abs-1805-00224},
  bibsource = {dblp computer science bibliography, https://dblp.org}
}


@article{habibaSS-GA,
  author    = {Dalila Boughaci and
               Belaid Benhamou and
               Habiba Drias},
  title     = {Scatter Search and Genetic Algorithms for {MAX-SAT} Problems},
  journal   = {J. Math. Model. Algorithms},
  volume    = {7},
  number    = {2},
  pages     = {101--124},
  year      = {2008},
  url       = {https://doi.org/10.1007/s10852-008-9077-x},
  doi       = {10.1007/s10852-008-9077-x},
  timestamp = {Fri, 30 Nov 2018 13:22:44 +0100},
  biburl    = {https://dblp.org/rec/bib/journals/jmma/BoughaciBD08},
  bibsource = {dblp computer science bibliography, https://dblp.org}
}


@inproceedings{habibaACO,
  author    = {Habiba Drias and
               Moufida Rahmani and
               Manel Khodja},
  title     = {{ACO} Approaches for Large Scale Information Retrieval},
  booktitle = {World Congress on Nature {\&} Biologically Inspired Computing,
               NaBIC 2009, 9-11 December 2009, Coimbatore, India},
  pages     = {713--718},
  year      = {2009},
  crossref  = {DBLP:conf/nabic/2009},
  url       = {https://doi.org/10.1109/NABIC.2009.5393479},
  doi       = {10.1109/NABIC.2009.5393479},
  timestamp = {Sun, 04 Jun 2017 10:08:49 +0200},
  biburl    = {https://dblp.org/rec/bib/conf/nabic/DriasRK09},
  bibsource = {dblp computer science bibliography, https://dblp.org}
}


@inproceedings{habibaBSO1,
  author    = {Habiba Drias and
               Hadia Mosteghanemi},
  title     = {Bees Swarm Optimization Based Approach for Web Information Retrieval},
  booktitle = {2010 {IEEE/WIC/ACM} International Conference on Web Intelligence,
               {WI} 2010, Toronto, Canada, August 31 - September 3, 2010, Main Conference
               Proceedings},
  pages     = {6--13},
  year      = {2010},
  crossref  = {DBLP:conf/webi/2010},
  url       = {https://doi.org/10.1109/WI-IAT.2010.179},
  doi       = {10.1109/WI-IAT.2010.179},
  timestamp = {Mon, 05 Jun 2017 12:43:06 +0200},
  biburl    = {https://dblp.org/rec/bib/conf/webi/DriasM10},
  bibsource = {dblp computer science bibliography, https://dblp.org}
}

@article{habibaGLS,
  author    = {Drifa Hadjidj and
               Habiba Drias},
  title     = {Grasp and Guided Local Search for the examination timetabling problem},
  journal   = {{IJAISC}},
  volume    = {2},
  number    = {1/2},
  pages     = {103--114},
  year      = {2010},
  url       = {https://doi.org/10.1504/IJAISC.2010.032515},
  doi       = {10.1504/IJAISC.2010.032515},
  timestamp = {Fri, 26 May 2017 22:54:34 +0200},
  biburl    = {https://dblp.org/rec/bib/journals/ijaisc/HadjidjD10},
  bibsource = {dblp computer science bibliography, https://dblp.org}
}


@inproceedings{habibaABSO,
  author    = {Souhila Sadeg and
               Habiba Drias and
               Ouassim Ait El Hara and
               Ania Kaci},
  title     = {{ABSO:} Advanced Bee Swarm Optimization Metaheuristic and Application
               to Weighted {MAX-SAT} Problem},
  booktitle = {Brain Informatics - International Conference, {BI} 2011, Lanzhou,
               China, September 7-9, 2011. Proceedings},
  pages     = {226--237},
  year      = {2011},
  crossref  = {DBLP:conf/brain/2011},
  url       = {https://doi.org/10.1007/978-3-642-23605-1\_24},
  doi       = {10.1007/978-3-642-23605-1\_24},
  timestamp = {Sun, 02 Jun 2019 21:22:44 +0200},
  biburl    = {https://dblp.org/rec/bib/conf/brain/SadegDHK11},
  bibsource = {dblp computer science bibliography, https://dblp.org}
}


@inproceedings{habibaBSO2,
  author    = {Youcef Djenouri and
               Habiba Drias and
               Zineb Habbas and
               Hadia Mosteghanemi},
  title     = {Bees Swarm Optimization for Web Association Rule Mining},
  booktitle = {2012 {IEEE/WIC/ACM} International Conferences on Web Intelligence
               and Intelligent Agent Technology, Macau, China, December 4-7, 2012},
  pages     = {142--146},
  year      = {2012},
  crossref  = {DBLP:conf/iat/2012w},
  url       = {https://doi.org/10.1109/WI-IAT.2012.148},
  doi       = {10.1109/WI-IAT.2012.148},
  timestamp = {Fri, 02 Jun 2017 20:47:55 +0200},
  biburl    = {https://dblp.org/rec/bib/conf/iat/DjenouriDHM12},
  bibsource = {dblp computer science bibliography, https://dblp.org}
}

@article{habibaMA,
  author    = {Sadjia Benkhider and
               Habiba Drias},
  title     = {A new memetic approach for the classification rules extraction problem},
  journal   = {{IJDMMM}},
  volume    = {5},
  number    = {4},
  pages     = {318--332},
  year      = {2013},
  url       = {https://doi.org/10.1504/IJDMMM.2013.057682},
  doi       = {10.1504/IJDMMM.2013.057682},
  timestamp = {Sun, 28 May 2017 13:18:00 +0200},
  biburl    = {https://dblp.org/rec/bib/journals/ijdmmm/BenkhiderD13},
  bibsource = {dblp computer science bibliography, https://dblp.org}
}

@inproceedings{hmimedBSO,
  author    = {Riadh Belkebir and
               Ahmed Guessoum},
  title     = {A hybrid BSO-Chi2-SVM approach to Arabic text categorization},
  booktitle = {{ACS} International Conference on Computer Systems and Applications,
               {AICCSA} 2013, Ifrane, Morocco, May 27-30, 2013},
  pages     = {1--7},
  year      = {2013},
  crossref  = {DBLP:conf/aiccsa/2013},
  url       = {https://doi.org/10.1109/AICCSA.2013.6616437},
  doi       = {10.1109/AICCSA.2013.6616437},
  timestamp = {Thu, 15 Jun 2017 21:34:36 +0200},
  biburl    = {https://dblp.org/rec/bib/conf/aiccsa/BelkebirG13},
  bibsource = {dblp computer science bibliography, https://dblp.org}
}

@inproceedings{kechidGA,
  author    = {Nassima Aleb and
               Samir Kechid},
  title     = {Automatic Test Data Generation Using a Genetic Algorithm},
  booktitle = {Computational Science and Its Applications - {ICCSA} 2013 - 13th International
               Conference, Ho Chi Minh City, Vietnam, June 24-27, 2013, Proceedings,
               Part {II}},
  pages     = {574--586},
  year      = {2013},
  crossref  = {DBLP:conf/iccsa/2013-2},
  url       = {https://doi.org/10.1007/978-3-642-39643-4\_41},
  doi       = {10.1007/978-3-642-39643-4\_41},
  timestamp = {Tue, 14 May 2019 10:00:43 +0200},
  biburl    = {https://dblp.org/rec/bib/conf/iccsa/AlebK13a},
  bibsource = {dblp computer science bibliography, https://dblp.org}
}

@inproceedings{habibaGA-MA,
  author    = {Habiba Drias},
  title     = {Genetic algorithm versus memetic algorithm for association rules mining},
  booktitle = {2014 Sixth World Congress on Nature and Biologically Inspired Computing,
               NaBIC 2014, Porto, Portugal, July 30 - August 1, 2014},
  pages     = {208--213},
  year      = {2014},
  crossref  = {DBLP:conf/nabic/2014},
  url       = {https://doi.org/10.1109/NaBIC.2014.6921879},
  doi       = {10.1109/NaBIC.2014.6921879},
  timestamp = {Sun, 04 Jun 2017 10:08:49 +0200},
  biburl    = {https://dblp.org/rec/bib/conf/nabic/Drias14},
  bibsource = {dblp computer science bibliography, https://dblp.org}
}


@inproceedings{habibaBA,
  author    = {Kamel Eddine Heraguemi and
               Nadjet Kamel and
               Habiba Drias},
  title     = {Association Rule Mining Based on Bat Algorithm},
  booktitle = {Bio-Inspired Computing - Theories and Applications - 9th International
               Conference, {BIC-TA} 2014, Wuhan, China, October 16-19, 2014. Proceedings},
  pages     = {182--186},
  year      = {2014},
  crossref  = {DBLP:conf/bic-ta/2014},
  url       = {https://doi.org/10.1007/978-3-662-45049-9\_29},
  doi       = {10.1007/978-3-662-45049-9\_29},
  timestamp = {Wed, 17 May 2017 14:24:48 +0200},
  biburl    = {https://dblp.org/rec/bib/conf/bic-ta/HeraguemiKD14},
  bibsource = {dblp computer science bibliography, https://dblp.org}
}

@article{habibaBA2,
  author    = {Ilyes Khennak and
               Habiba Drias},
  title     = {Bat-Inspired Algorithm Based Query Expansion for Medical Web Information
               Retrieval},
  journal   = {J. Medical Systems},
  volume    = {41},
  number    = {2},
  pages     = {34:1--34:16},
  year      = {2017},
  url       = {https://doi.org/10.1007/s10916-016-0668-1},
  doi       = {10.1007/s10916-016-0668-1},
  timestamp = {Wed, 14 Nov 2018 10:33:19 +0100},
  biburl    = {https://dblp.org/rec/bib/journals/jms/KhennakD17},
  bibsource = {dblp computer science bibliography, https://dblp.org}
}


@article{aouatTS,
  author    = {Lyes Abada and
               Saliha Aouat},
  title     = {Tabu Search to Solve the Shape from Shading Ambiguity},
  journal   = {International Journal on Artificial Intelligence Tools},
  volume    = {24},
  number    = {5},
  year      = {2015},
  url       = {https://doi.org/10.1142/S0218213015500359},
  doi       = {10.1142/S0218213015500359},
  timestamp = {Wed, 14 Jun 2017 20:29:57 +0200},
  biburl    = {https://dblp.org/rec/bib/journals/ijait/AbadaA15},
  bibsource = {dblp computer science bibliography, https://dblp.org}
}


@article{habibaFAA,
  author    = {Ilyes Khennak and
               Habiba Drias},
  title     = {A Firefly Algorithm-based Approach for Pseudo-Relevance Feedback:
               Application to Medical Database},
  journal   = {J. Medical Systems},
  volume    = {40},
  number    = {11},
  pages     = {240:1--240:15},
  year      = {2016},
  url       = {https://doi.org/10.1007/s10916-016-0603-5},
  doi       = {10.1007/s10916-016-0603-5},
  timestamp = {Wed, 14 Nov 2018 10:33:28 +0100},
  biburl    = {https://dblp.org/rec/bib/journals/jms/KhennakD16},
  bibsource = {dblp computer science bibliography, https://dblp.org}
}

@article{kechidBSO,
  author    = {Yassine Drias and
               Samir Kechid and
               Gabriella Pasi},
  title     = {Bee Swarm Optimization for Medical Web Information Foraging},
  journal   = {J. Medical Systems},
  volume    = {40},
  number    = {2},
  pages     = {40:1--40:17},
  year      = {2016},
  url       = {https://doi.org/10.1007/s10916-015-0373-5},
  doi       = {10.1007/s10916-015-0373-5},
  timestamp = {Fri, 30 Nov 2018 13:25:18 +0100},
  biburl    = {https://dblp.org/rec/bib/journals/jms/DriasKP16a},
  bibsource = {dblp computer science bibliography, https://dblp.org}
}

@article{habibaPSO,
  author    = {Ilyes Khennak and
               Habiba Drias},
  title     = {An accelerated {PSO} for query expansion in web information retrieval:
               application to medical dataset},
  journal   = {Appl. Intell.},
  volume    = {47},
  number    = {3},
  pages     = {793--808},
  year      = {2017},
  url       = {https://doi.org/10.1007/s10489-017-0924-1},
  doi       = {10.1007/s10489-017-0924-1},
  timestamp = {Fri, 08 Sep 2017 16:07:48 +0200},
  biburl    = {https://dblp.org/rec/bib/journals/apin/KhennakD17},
  bibsource = {dblp computer science bibliography, https://dblp.org}
}


@article{boukraABC,
  author    = {El{-}Amine Zemali and
               Abdelmadjid Boukra},
  title     = {{CS-ABC:} a cooperative system based on artificial bee colony to resolve
               the {DNA} fragment assembly problem},
  journal   = {{IJDMB}},
  volume    = {21},
  number    = {2},
  pages     = {145--168},
  year      = {2018},
  url       = {https://doi.org/10.1504/IJDMB.2018.096407},
  doi       = {10.1504/IJDMB.2018.096407},
  timestamp = {Mon, 25 Feb 2019 17:41:57 +0100},
  biburl    = {https://dblp.org/rec/bib/journals/ijdmb/ZemaliB18},
  bibsource = {dblp computer science bibliography, https://dblp.org}
}

@article{boukraBA-ACO,
  author    = {Wassila Guendouzi and
               Abdelmadjid Boukra},
  title     = {A Manhattan distance-based binary bat algorithm vs. integer ant colony
               optimisation for intrusion detection in the audit trails},
  journal   = {{IJCSE}},
  volume    = {18},
  number    = {4},
  pages     = {424--437},
  year      = {2019},
  url       = {https://doi.org/10.1504/IJCSE.2019.099079},
  doi       = {10.1504/IJCSE.2019.099079},
  timestamp = {Tue, 07 May 2019 15:35:06 +0200},
  biburl    = {https://dblp.org/rec/bib/journals/ijcse/GuendouziB19},
  bibsource = {dblp computer science bibliography, https://dblp.org}
}

@incollection{Bansal2018,
  doi = {10.1007/978-3-319-91341-4_1},
  url = {https://doi.org/10.1007/978-3-319-91341-4_1},
  year = {2018},
  month = {jun},
  publisher = {Springer International Publishing},
  pages = {1--9},
  author = {Jagdish Chand Bansal and Nikhil R. Pal},
  title = {Swarm and Evolutionary Computation},
  booktitle = {Studies in Computational Intelligence}
}



@article{metaCS,
  doi = {10.1007/s10462-011-9276-0},
  url = {https://doi.org/10.1007/s10462-011-9276-0},
  year = {2011},
  month = {jul},
  publisher = {Springer Science and Business Media {LLC}},
  volume = {39},
  number = {4},
  pages = {315--346},
  author = {Pinar Civicioglu and Erkan Besdok},
  title = {A conceptual comparison of the Cuckoo-search,  particle swarm optimization,  differential evolution and artificial bee colony algorithms},
  journal = {Artificial Intelligence Review}
}

@article{metaBBO,
  doi = {10.1109/tevc.2008.919004},
  url = {https://doi.org/10.1109/tevc.2008.919004},
  year = {2008},
  month = {dec},
  publisher = {Institute of Electrical and Electronics Engineers ({IEEE})},
  volume = {12},
  number = {6},
  pages = {702--713},
  author = {Dan Simon},
  title = {Biogeography-Based Optimization},
  journal = {{IEEE} Transactions on Evolutionary Computation}
}

@incollection{metaBat,
  doi = {10.1007/978-3-642-12538-6_6},
  url = {https://doi.org/10.1007/978-3-642-12538-6_6},
  year = {2010},
  publisher = {Springer Berlin Heidelberg},
  pages = {65--74},
  author = {Xin-She Yang},
  title = {A New Metaheuristic Bat-Inspired Algorithm},
  booktitle = {Nature Inspired Cooperative Strategies for Optimization ({NICSO} 2010)}
}

@incollection{FPA,
  doi = {10.1007/978-3-642-32894-7_27},
  url = {https://doi.org/10.1007/978-3-642-32894-7_27},
  year = {2012},
  publisher = {Springer Berlin Heidelberg},
  pages = {240--249},
  author = {Xin-She Yang},
  title = {Flower Pollination Algorithm for Global Optimization},
  booktitle = {Unconventional Computation and Natural Computation}
}


@article{metaDE,
  doi = {10.1023/a:1008202821328},
  url = {https://doi.org/10.1023/a:1008202821328},
  year = {1997},
  publisher = {Springer Nature},
  volume = {11},
  number = {4},
  pages = {341--359},
  title = {Differential Evolution – A Simple and Efficient Heuristic for global Optimization over Continuous Spaces},
  author = {Rainer Storn and Kenneth Price},
  journal = {Journal of Global Optimization}
}

@book{metaGA, 
place={New York}, 
title={Genetic algorithms in search, optimization, and machine learning}, 
publisher={Addison-Wesley}, 
author={David Edward Goldberg}, 
year={1998}
} 

@book{courshabiba,
  Author = {Habiba Drias},
  title = {Swarm Intelligence: Swarm Intelligence and Evolutionary Algorithms },
  year ={2017},
  url={http://lria.usthb.dz/IMG/pdf/chapter\_1.\_si-ea-3.pdf}
}